@article{inayatillah_2022_thames,
author = {Addina Inayatillah and Ivan D. Haigh and James H. Brand and Katy Francis and Alex Mortley and Matthew Durrant and Laura Fantuzzi and Elizabeth Palmer and Callum Miller and Peter Hogarth},
title = {{Digitising historical sea level records in the Thames Estuary, UK}},
journal = {Scientific Data},
year = 2022,
month = apr,
day = 12,
volume = 9,
number = 1
}

@article{mimura_2013_sea,
author = {Nobuo Mimura},
title = {{Sea-level rise caused by climate change and its implications for society}},
journal = {Proceedings of the Japan Academy, Series B, Physical and biological sciences},
year = 2013,
month = jul,
day = 24,
volume = 89,
number = 7,
pages = "281--301"
}

@article{marcos_2011_cadiz,
  author = {Marta Marcos and Bernat Puyol and Guy Wöppelmann and Carmen Herrero and M. Jesús García-Fernández},
  title = {{The long sea level record at Cadiz (southern Spain) from 1880 to 2009}},
  journal = {Journal of Geophysical Research},
  year = 2011,
  month = dec,
  volume = 116,
  number = "C12"
}

@article{marcos_2013_tenerife,
  author = {Marta Marcos and Bernat Puyol and Francisco M. Calafat and Guy Woppelmann},
  title = {{Sea level changes at Tenerife Island (NE Tropical Atlantic) since 1927}},
  journal = {Journal of Geophysical Research: Oceans},
  year = 2013,
  month = oct,
  volume = 118,
  number = 10,
  pages = {4899--4910}
}

@article{marcos_2021_spain,
  author = {Marta Marcos and Bernat Puyol and Angel Amores and Begoña Pérez Gómez and María Ángeles Fraile and Stefan Andreas Talke},
  title = {{Historical tide gauge sea-level observations in Alicante and Santander (Spain) since the 19th century}},
  journal = {Geoscience Data Journal},
  year = 2021,
  month = nov,
  volume = 8,
  number = 2,
  pages = {144--153}
}

@article{talke_2014_new_york,
  author = {S. A. Talke and Philip M Orton and D. A. Jay},
  title = {{Increasing storm tides in New York Harbor, 1844--2013}},
  journal = {Geophysical Research Letters},
  year = 2014,
  month = may,
  volume = 41,
  number = 9
}

@article{talke_2018_boston,
  author = {S. A. Talke and A. C. Kemp and J. Woodruff},
  title = {{Relative sea level, tides, and extreme water levels in Boston harbour from 1825 to 2018}},
  journal = {Journal of Geophysical Research: Oceans},
  year = 2018,
  month = jun,
  volume = 123,
  number = 6,
  pages = {3895--3914}
}

@article{talke_2020_columbia_river,
  author = {S. A. Talke and A. Mahedy and D. A. Jay and P. Lau and C. Hilley and A. Hudson},
  title = {{Sea level, tidal and river flow trends in the Lower Columbia River Estuary, 1853-present}},
  journal = {Journal of Geophysical Research-Oceans},
  year = 2020,
  month = feb,
  volume = 125,
  number = 3
}

@article{woppelmann_2014_marseille,
  author = {G. Wöppelmann and M. Marcos and A. Coulomb and B. Martín Míguez and P. Bonnetain and C. Boucher and M. Gravelle and B. Simon and P. Tiphaneau},
  title = {{Rescue of the historical sea level record of Marseille (France) from 1885 to 1988 and its extension back to 1849--1851}},
  journal = {Journal of Geodesy},
  year = 2014,
  month = sep,
  volume = 88,
  number = 9,
  pages = {869--885}
}

@article{lyszkowicz_2019_baltic,
  author = {Adam Łyszkowicz and Anna Bernatowicz},
  title = {{Geocentric Baltic Sea level changes along the southern coastline}},
  journal = {Advances in Space Research},
  year = 2019,
  volume = 64,
  number = 9,
  pages = {1807--1815}
}

@article{petrakis_2021_ship,
  author = {Kostas Petrakis and Georgios Samaritakis and  Thomas Kalesios and Enric García Domingo and Apostolos Delis and Yannis Tzitzikas and Martin Doerr, Pavlos Fafalios},
  title = {{Digitizing, Curating and Visualizing Archival Sources of Maritime History: the case of ship logbooks of the nineteenth and twentieth centuries}},
  journal = {Drassana},
  year = 2021,
  month = mar,
  volume = 28
}

@inbook{hockey_2004,
  author    = "Susan Hockey",
  title     = {{The History of Humanities Computing}},
  booktitle = "A Companion to Digital Humanities",
  year      = "2004",
  publisher = "John Wiley \& Sons, Incorporated",
}

@article{olsen_1993,
  author = {Mark Olsen},
  title = {{Signs, Symbols, and Discourses: A New Direction for Computer-Aided Literature Studies}},
  journal = {Computers and the Humanities},
  year = 1993,
  volume = 27,
  number = "5/6",
  pages = {309--314}
}

@phdthesis{rebekah_jenkin,
  author  = "Rebekah Jenkin",
  title   = {{Altruism in Death. Historic and contemporary use of mortal remains in anatomical examination for education and research in Australia and New Zealand}},
  school  = "The University of Sydney",
  address = "Sydney, NSW, Australia",
  year    = 2023
}

@article{anatomy_act_1881,
  author={{New South Wales Government}},
  journal={{Anatomy Act of 1881}},
  year={1881}
}

@article{anatomy_act_1901,
  author={{New South Wales Government}},
  journal={{Anatomy Act, 1901}},
  year={1901}
}

@article{anatomy_act_1977,
  author={{New South Wales Government}},
  journal={{Anatomy Act, 1977}},
  year={1977}
}

@inproceedings{blei_2006_dtm,
author = {Blei, David M. and Lafferty, John D.},
title = {Dynamic topic models},
year = {2006},
isbn = {1595933832},
publisher = {Association for Computing Machinery},
address = {New York, NY, USA},
booktitle = {Proceedings of the 23rd International Conference on Machine Learning},
pages = {113–120},
numpages = {8},
location = {Pittsburgh, Pennsylvania, USA},
series = {ICML '06}
}

@article{noel_2022_mcgill,
  author = {Geoffroy P.J.C. Noël and Julia Heron and Carly Naismith},
  title = {{From 1883 to 2019; Variables Influencing Body Procurement at McGill University}},
  journal = {Anatomical Sciences Education},
  year = 2022,
  month = may,
  volume = 15,
  pages = {599--608}
}

@article{richardson_2006_ukdonors,
author = {Ruth Richardson},
title = {Human dissection and organ donation: a historical and social background},
journal = {Mortality},
volume = {11},
number = {2},
pages = {151--165},
year = {2006},
publisher = {Routledge}
}

@article{jones_1991_nzdonors,
author = {Jones, David and Fennell, S},
year = {1991},
month = {06},
pages = {210-2},
title = {{Bequests, cadavers and dissections: sketches from New Zealand history}},
volume = {104},
journal = {The New Zealand medical journal}
}

@article{garment_2007_usadonors,
author = {Garment, Ann and Lederer, Susan and Rogers, Naomi and Boult, Lisa},
address = {United States},
issn = {1040-2446},
journal = {Academic medicine},
language = {eng},
number = {10},
pages = {1000-1005},
title = {{Let the dead teach the living: the rise of body bequeathal in 20th-century America}},
volume = {82},
year = {2007},
}

@inbook{macroanalysis_digital_humanities,
  author    = "Matthew L. Jockers",
  title     = {{Part I Foundation}},
  booktitle = {{Macroanalysis : Digital Methods and Literary History}},
  year      = "2013",
  publisher = "University of Illinois Press",
  pages     = "1--32"
}

@inbook{dh_history,
  author = {Nyhan, Julianne and Flinn, Andrew},
  title     = {{Introduction}},
  booktitle = {{Computation and The Humanities: Towards An oral History of Digital Humanities}},
  year      = "2016",
  publisher = {{Springer Open}},
  pages     = "1--16"
}

@article{big_data_history,
author = {Pieters, Toine},
year = {2013},
month = {12},
pages = {55-77},
title = {{Big Data for Global History: The Transformative Promise of Digital Humanities}},
volume = {128},
journal = {BMGN},
}